<record><leader>00000cas a22000007a 4500</leader><controlfield tag="001">18939040</controlfield><controlfield tag="008">881222d19141914lauwr ne      0    0eng d</controlfield><datafield ind1=" " ind2=" " tag="010"><subfield code="a">sn 88064707 </subfield></datafield><datafield ind1=" " ind2=" " tag="040"><subfield code="a">LNP</subfield><subfield code="b">eng</subfield><subfield code="c">LNP</subfield><subfield code="d">OCLCQ</subfield></datafield><datafield ind1=" " ind2=" " tag="042"><subfield code="a">msc</subfield></datafield><datafield ind1="0" ind2="4" tag="245"><subfield code="a">The Weekly times-Democrat New Orleans picayune.</subfield></datafield><datafield ind1=" " ind2=" " tag="260"><subfield code="a">New Orleans [La.] :</subfield><subfield code="b">Times-Democrat Pub. Co.</subfield></datafield><datafield ind1=" " ind2=" " tag="300"><subfield code="a">v.</subfield></datafield><datafield ind1=" " ind2=" " tag="310"><subfield code="a">Weekly</subfield></datafield><datafield ind1="1" ind2=" " tag="362"><subfield code="a">Began in Apr. 1914; ceased in May 1914.</subfield></datafield><datafield ind1=" " ind2=" " tag="588"><subfield code="a">Description based on: Vol. 18, no. 2722 (Apr. 16, 1914).</subfield></datafield><datafield ind1=" " ind2=" " tag="752"><subfield code="a">United States</subfield><subfield code="b">Louisiana</subfield><subfield code="c">Orleans</subfield><subfield code="d">New Orleans.</subfield></datafield><datafield ind1="0" ind2=" " tag="775"><subfield code="t">Times-Democrat, the daily picayune</subfield><subfield code="w">(DLC)sn 83045374</subfield></datafield><datafield ind1="0" ind2="4" tag="780"><subfield code="t">Weekly times-Democrat (New Orleans, La. : 1912)</subfield><subfield code="w">(DLC)sn 88064451</subfield></datafield><datafield ind1="0" ind2="4" tag="780"><subfield code="t">Twice-a-week New Orleans picayune</subfield><subfield code="w">(DLC)sn 88064706</subfield></datafield><datafield ind1="0" ind2="0" tag="785"><subfield code="t">Weekly times-picayune</subfield><subfield code="w">(DLC)sn 88064708</subfield></datafield></record>